<?xml version="1.0" encoding="UTF-8"?><collection xmlns="http://www.loc.gov/MARC21/slim"><record><leader>00496nam--2200169-i-4500</leader><controlfield tag="001">000029630</controlfield><controlfield tag="002">20161230</controlfield><controlfield tag="005">20161230201037</controlfield><controlfield tag="008">060222s1000------------r-----000-0-eng-d</controlfield><datafield ind1=" " ind2=" " tag="100"><subfield code="a">Chernoff, Paul R. ; Marsden, Jerrold E</subfield></datafield><datafield ind1="1" ind2="0" tag="245"><subfield code="a">Properties of infinite dimensional hamiltonian systems</subfield></datafield><datafield ind1=" " ind2=" " tag="260"><subfield code="a">Berlin, Springer-verlag, 1974</subfield></datafield><datafield ind1=" " ind2=" " tag="300"><subfield code="a">160 p</subfield></datafield><datafield ind1=" " ind2=" " tag="490"><subfield code="a">Lecture Notes In Mathematics</subfield><subfield code="v">Vol. 425</subfield></datafield><datafield ind1=" " ind2=" " tag="700"><subfield code="a">Chernoff, Paul R</subfield></datafield><datafield ind1=" " ind2=" " tag="852"><subfield code="a">46507</subfield><subfield code="c">513</subfield></datafield><datafield ind1=" " ind2=" " tag="CAT"><subfield code="a">Sys</subfield><subfield code="c">20080528</subfield><subfield code="h">104836</subfield></datafield></record></collection>